@book{rojoAlgebra8vaEd,
	author = {Armando O. Rojo},
	city = {Buenos Aires},
	edition = {8},
	month = {3},
	pages = {498-498},
	publisher = {El Ateneo},
	title = {Álgebra I},
	year = {1981},
}

@online{gruposAlGabr,
	author = {AL GABR},
	url = {https://youtube.com/playlist?list=PLYvLhcRhd8-ExjMaK-cyKRe-WQvc2DD-b&si=JbOVwp-5ytKEA7k1},
	title = {Curso de teoría de grupos},
	year = {2021},
	urldate = {2023-10-27}
}

@misc{algbrIno,
	author = {Inocencio Ortiz},
	city = {San Lorenzo},
	institution = {Facultad de Ingeniería UNA},
	pages = {1-127},
	title = {Álgebra moderna. Material de teoría},
	year = {2023},
}

@book{haaserv1,
	author = {Norman B. Haaser and Joseph P. La Salle and Joseph A. Sullivan},
	city = {México},
	edition = {2da},
	pages = {1-808},
	publisher = {Trillas},
	title = {Análisis matemático. Curso de introducción.},
	volume = {1},
	year = {1995},
}

@book{topoMunkres,
	author = {James R. Munkres},
	edition = {2da},
	pages = {3-84},
	publisher = {Pearson. Prentice Hall},
	title = {Topología},
	year = {2002},
}

@book{lipschutz92,
	author = {Seymour Lipschutz},
	city = {Filadelfia},
	edition = {2da},
	pages = {1-563},
	publisher = {McGraw-Hill},
	title = {Álgebra lineal},
	year = {1992},
}

@online{abstractAlgebra,
	author = {Socratica},
	title = {Abstract Algebra},
	year = {2020},
	url = {https://youtube.com/playlist?list=PLi01XoE8jYoi3SgnnGorR_XOW3IcK-TP6&si=l3VRicXPvb3y1GqQ},
	urldate = {2023-10-27}
}

@online{abstractAlgebra2,
	author = {Gross, Benedict},
	title = {Abstract Algebra},
	year = {2020},
	url = {https://youtube.com/playlist?list=PLelIK3uylPMGzHBuR3hLMHrYfMqWWsmx5&si=NLvwmllir_0EQm6v},
	urldate = {2023-10-27}
}

@book{gallian2017contemporary,
	title={Contemporary abstract algebra},
	author={Gallian, Joseph A.},
	journal={Boston, MA},
	year={2017},
	edition = {9th},
	publisher = {Cengage Learning}
}

@Book{alfred1977introduccion,
  author    = {Alfred, Tarski},
  title     = {Introducci{\'o}n a la l{\'o}gica ya la metodolog{\'\i}a de las ciencias deductivas, Ed},
  publisher = {Espasa-Calp{\'e}, SA, Madrid},
  year      = {1977},
}

@Misc{googlegemini,
  author       = {{Google AI}},
  title        = {Google Gemini},
  howpublished = {\url{https://ai.google/discover/gemini/}},
  year         = {2023},
}

@Comment{jabref-meta: databaseType:biblatex;}
